@article{arora2021deepteeth,
  title={DeepTeeth: A Teeth-photo Based Human Authentication System for Mobile and Hand-held Devices},
  author={Arora, Geetika and Bharadwaj, Rohit K and Tiwari, Kamlesh},
  journal={arXiv preprint arXiv:2107.13217},
  year={2021}
}